<record><leader>00000cas a2200000 a 4500</leader><controlfield tag="001">38907044</controlfield><controlfield tag="008">980407d19191932nyudn ne      0    0eng c</controlfield><datafield ind1=" " ind2=" " tag="010"><subfield code="a">sn 98067541 </subfield></datafield><datafield ind1=" " ind2=" " tag="040"><subfield code="a">NYS</subfield><subfield code="b">eng</subfield><subfield code="c">NYS</subfield><subfield code="d">OCL</subfield><subfield code="d">NYS</subfield><subfield code="d">OCLCQ</subfield><subfield code="d">OCLCF</subfield><subfield code="d">OCLCO</subfield></datafield><datafield ind1="1" ind2=" " tag="029"><subfield code="a">AU@</subfield><subfield code="b">000013904129</subfield></datafield><datafield ind1=" " ind2=" " tag="042"><subfield code="a">pcc</subfield></datafield><datafield ind1=" " ind2=" " tag="043"><subfield code="a">n-us-ny</subfield></datafield><datafield ind1="0" ind2="0" tag="245"><subfield code="a">Citizen sentinel.</subfield></datafield><datafield ind1="3" ind2="0" tag="246"><subfield code="a">Daily citizen sentinel</subfield></datafield><datafield ind1="3" ind2="0" tag="246"><subfield code="a">Citizen daily sentinel</subfield></datafield><datafield ind1=" " ind2=" " tag="260"><subfield code="a">Ossining, N.Y. :</subfield><subfield code="b">Citizen-Sentinel,</subfield><subfield code="c">1925-1932.</subfield></datafield><datafield ind1=" " ind2=" " tag="300"><subfield code="a">v.</subfield></datafield><datafield ind1=" " ind2=" " tag="310"><subfield code="a">Daily (except Sunday and holidays)</subfield></datafield><datafield ind1="1" ind2=" " tag="362"><subfield code="a">Began in 1919.</subfield><subfield code="z">Cf. Redway, v. L.A short history and bibliography of Ossining newspaper, 1797-1951.</subfield></datafield><datafield ind1="0" ind2=" " tag="362"><subfield code="a">-31st year (Apr. 30, 1932).</subfield></datafield><datafield ind1=" " ind2=" " tag="500"><subfield code="a">Timothy F. Walsh, managing editor, &lt;1925&gt;.</subfield></datafield><datafield ind1=" " ind2=" " tag="500"><subfield code="a">"If it happens in Ossining, it's in the Citizen Sentinel," &lt;1925&gt;.</subfield></datafield><datafield ind1=" " ind2=" " tag="500"><subfield code="a">Publisher: J. Noel Macy, 1926-1932.</subfield></datafield><datafield ind1=" " ind2=" " tag="530"><subfield code="a">Available on microfilm from Preservation Resources, Bethlehem, Pa.</subfield></datafield><datafield ind1=" " ind2=" " tag="580"><subfield code="a">Merger of Sing-Sing Citizen and Ossining Sentinel. Cf. Redway, V.L., A short history and bibliography of Ossining newspapers, 1797-1951.</subfield></datafield><datafield ind1=" " ind2="0" tag="651"><subfield code="a">Ossining (N.Y.)</subfield><subfield code="v">Newspapers.</subfield></datafield><datafield ind1=" " ind2="0" tag="651"><subfield code="a">Westchester County (N.Y.)</subfield><subfield code="v">Newspapers.</subfield></datafield><datafield ind1=" " ind2="7" tag="655"><subfield code="a">Newspapers.</subfield><subfield code="2">fast</subfield><subfield code="0">(OCoLC)fst01423814</subfield></datafield><datafield ind1=" " ind2="7" tag="651"><subfield code="a">New York (State)</subfield><subfield code="z">Ossining.</subfield><subfield code="2">fast</subfield><subfield code="0">(OCoLC)fst01221603</subfield></datafield><datafield ind1=" " ind2="7" tag="651"><subfield code="a">New York (State)</subfield><subfield code="z">Westchester County.</subfield><subfield code="2">fast</subfield><subfield code="0">(OCoLC)fst01202684</subfield></datafield><datafield ind1=" " ind2=" " tag="752"><subfield code="a">United States</subfield><subfield code="b">New York</subfield><subfield code="c">Westchester</subfield><subfield code="d">Ossining.</subfield></datafield><datafield ind1="0" ind2="0" tag="780"><subfield code="t">Daily Citizen</subfield><subfield code="w">(DLC)   83031594</subfield><subfield code="w">(OCoLC)9904265</subfield></datafield><datafield ind1="0" ind2="0" tag="780"><subfield code="t">Ossining Sentinel</subfield><subfield code="w">(DLC)sn2003060519</subfield><subfield code="w">(OCoLC)52768081</subfield></datafield><datafield ind1="0" ind2="7" tag="785"><subfield code="t">Ossining evening register</subfield><subfield code="w">(DLC)sn 83031605</subfield><subfield code="w">(OCoLC)9906429</subfield></datafield><datafield ind1="0" ind2="7" tag="785"><subfield code="t">Citizen sentinel Ossining evening register</subfield><subfield code="w">(DLC)sn 98067540</subfield><subfield code="w">(OCoLC)38907043</subfield></datafield></record>